
@Article{ellis.markov:in-situ,
   author = {J. Ellis and M. Markov},
   title = {\emph{In situ}, Stable Merging by Way of the Perfect Shuffle},
   journal = {The Computer Journal},
   volume = 43,
   number = 1,
   year = {1999},
   publisher = {Oxford Journals}
}

@article{barba.morin:top-down,
  author    = {Luis Barba and
               Pat Morin},
  title     = {Top-Down Skiplists},
  journal   = {CoRR},
  volume    = {abs/1407.7917},
  year      = {2014},
  url       = {http://arxiv.org/abs/1407.7917},
  timestamp = {Fri, 01 Aug 2014 13:50:01 +0200},
  biburl    = {http://dblp.uni-trier.de/rec/bib/journals/corr/BarbaM14},
  bibsource = {dblp computer science bibliography, http://dblp.org}
}

@misc{protalinksi:google,
  author = {E. Protalinksi},
  title = {Google Chrome now has over 1 billion users},
  howpublished = {VentureBeat},
  month = {May},
  year = {2015},
  url = {http://venturebeat.com/2015/05/28/google-chrome-now-has-over-1-billion-users/},
  note = {[Online, posted May 28, 2015]},
}

@misc{intel:4790k,
  key = {Intel},
  title = {Intel® Core™ i7-4790K Processor ({8M} Cache, up to 4.40 {GHz})},
  url = {http://ark.intel.com/products/80807/Intel-Core-i7-4790K-Processor-8M-Cache-up-to-4_40-GHz}
}

@misc{granlund:instruction,
   author = {T. Granlund},
   title = {Instruction latencies and throughput for {AMD} and {Intel} x86 processors},
   year = 2014,
   month = {July},
   note = {[Online, posted July 20, 2014]},
   url = {https://gmplib.org/~tege/x86-timing.pdf},
}

@misc{fog:instruction,
   author = {A. Fog},
   title = {Instruction Tables},
   year = {2014},
   month = 12,
   note = {[Online, updated 2014-12-07]},
   url = {http://www.agner.org/optimize/instruction_tables.pdf}
}

@misc{bit-tech:intel,
   title = {Intel Core i7 -- Nehalem Architecture Dive},
   key = {bit-tech},    
   howpublished = {bit-tech},
   year = {2008},
   month = {November},
   note = {[Online, posted November 3, 2008]},
   url = {http://www.bit-tech.net/hardware/cpus/2008/11/03/intel-core-i7-nehalem-architecture-dive/},
}
 
@inproceedings{yeh.patt:two-level,
  author    = {Tse{-}Yu Yeh and
               Yale N. Patt},
  title     = {Two-Level Adaptive Training Branch Prediction},
  booktitle = {Proceedings of the 24th Annual {IEEE/ACM} International Symposium
               on Microarchitecture, {MICRO} 24, Albuquerque, New Mexico, USA, November
               18-20, 1991},
  pages     = {51--61},
  year      = {1991},
  crossref  = {DBLP:conf/micro/1991},
  url       = {http://doi.acm.org/10.1145/123465.123475},
  doi       = {10.1145/123465.123475},
  timestamp = {Thu, 18 Sep 2014 16:58:22 +0200},
  biburl    = {http://dblp.uni-trier.de/rec/bib/conf/micro/YehP91},
  bibsource = {dblp computer science bibliography, http://dblp.org}
}

@proceedings{DBLP:conf/micro/1991,
  editor    = {Yashwant K. Malaiya},
  title     = {Proceedings of the 24th Annual {IEEE/ACM} International Symposium
               on Microarchitecture, {MICRO} 24, Albuquerque, New Mexico, USA, November
               18-20, 1991},
  publisher = {{ACM/IEEE}},
  year      = {1991},
  url       = {http://dl.acm.org/citation.cfm?id=123465},
  isbn      = {0-89791-460-0},
  timestamp = {Thu, 18 Sep 2014 16:58:22 +0200},
  biburl    = {http://dblp.uni-trier.de/rec/bib/conf/micro/1991},
  bibsource = {dblp computer science bibliography, http://dblp.org}
}

@inproceedings{yeh.patt:alternative,
  author    = {Tse{-}Yu Yeh and
               Yale N. Patt},
  title     = {Alternative Implementations of Two-Level Adaptive Branch Prediction},
  booktitle = {25 Years of the International Symposia on Computer Architecture (Selected
               Papers).},
  pages     = {451--461},
  year      = {1998},
  crossref  = {DBLP:conf/isca/1998reprints},
  url       = {http://doi.acm.org/10.1145/285930.286004},
  doi       = {10.1145/285930.286004},
  timestamp = {Tue, 15 May 2012 18:19:30 +0200},
  biburl    = {http://dblp.uni-trier.de/rec/bib/conf/isca/YehP98a},
  bibsource = {dblp computer science bibliography, http://dblp.org}
}

@proceedings{DBLP:conf/isca/1998reprints,
  editor    = {Gurindar S. Sohi},
  title     = {25 Years of the International Symposia on Computer Architecture (Selected
               Papers)},
  publisher = {{ACM}},
  year      = {1998},
  url       = {http://dl.acm.org/citation.cfm?id=285930},
  isbn      = {1-58113-058-9},
  timestamp = {Tue, 15 May 2012 18:19:28 +0200},
  biburl    = {http://dblp.uni-trier.de/rec/bib/conf/isca/1998reprints},
  bibsource = {dblp computer science bibliography, http://dblp.org}
}

@misc{torvalds:cmov,
  title = {{CMOV}},
  author = {L. Torvalds},
  howpublished = {Linux Kernel Newsgroup},
  month = {January},
  year = {2007},
  url = {http://yarchive.net/comp/linux/cmov.html}
}

@misc{intel:optimizing,
  title = {Optimizing Application Performance on Intel® Core™ Microarchitecture Using Hardware-Implemented Prefetchers},
  author = {Ravi Hegde},
  howpublished = {Intel Developer Zone},
  year = 2008,
  month = {October},
  note = {[Online, posted October 28, 2008 updated January 1, 2015]},
  url = {https://goo.gl/X1gNta},
  longurl = {https://software.intel.com/en-us/articles/optimizing-application-performance-on-intel-coret-microarchitecture-using-hardware-implemented-prefetchers},
}  


@inproceedings{brodal.fagerberg.ea:cache,
  author    = {Gerth St{\o}lting Brodal and
               Rolf Fagerberg and
               Riko Jacob},
  title     = {Cache oblivious search trees via binary trees of small height},
  booktitle = {Proceedings of the Thirteenth Annual {ACM-SIAM} Symposium on Discrete
               Algorithms, January 6-8, 2002, San Francisco, CA, {USA.}},
  pages     = {39--48},
  year      = {2002},
  crossref  = {DBLP:conf/soda/2002},
  url       = {http://dl.acm.org/citation.cfm?id=545381.545386},
  timestamp = {Fri, 07 Dec 2012 17:02:08 +0100},
  biburl    = {http://dblp.uni-trier.de/rec/bib/conf/soda/BrodalFJ02},
  bibsource = {dblp computer science bibliography, http://dblp.org}
}

@proceedings{DBLP:conf/soda/2002,
  editor    = {David Eppstein},
  title     = {Proceedings of the Thirteenth Annual {ACM-SIAM} Symposium on Discrete
               Algorithms, January 6-8, 2002, San Francisco, CA, {USA}},
  publisher = {{ACM/SIAM}},
  year      = {2002},
  url       = {http://dl.acm.org/citation.cfm?id=545381},
  isbn      = {0-89871-513-X},
  timestamp = {Fri, 07 Dec 2012 17:02:08 +0100},
  biburl    = {http://dblp.uni-trier.de/rec/bib/conf/soda/2002},
  bibsource = {dblp computer science bibliography, http://dblp.org}
}

@misc{khuong:binary,
  author = {P. Khuong},
  title = {Binary Search is a Pathological Case for Caches},
  howpublished = {Paul Khuong: Some Lisp},
  note = {[Online, posted July 30, 2012]},
  url = {http://www.pvk.ca/Blog/2012/07/30/binary-search-is-a-pathological-case-for-caches/}
}

@misc{wiki:find,
   author = "Wikipedia",
   title = "Find first set --- {W}ikipedia{,} The Free Encyclopedia",
   year = "2015",
   url = "https://en.wikipedia.org/wiki/Find_first_set",
   note = "[Online; accessed 21-July-2015]"
}

@article{mutlu.stark.ea:runahead,
  author    = {Onur Mutlu and
               Jared Stark and
               Chris Wilkerson and
               Yale N. Patt},
  title     = {Runahead Execution: An Effective Alternative to Large Instruction
               Windows},
  journal   = {{IEEE} Micro},
  volume    = {23},
  number    = {6},
  pages     = {20--25},
  year      = {2003},
  url       = {http://doi.ieeecomputersociety.org/10.1109/MM.2003.1261383},
  doi       = {10.1109/MM.2003.1261383},
  timestamp = {Wed, 26 Oct 2011 12:01:27 +0200},
  biburl    = {http://dblp.uni-trier.de/rec/bib/journals/micro/MutluSWP03},
  bibsource = {dblp computer science bibliography, http://dblp.org}
}


@article{aggarwal.vitter:input,
  author    = {Alok Aggarwal and
               Jeffrey Scott Vitter},
  title     = {The Input/Output Complexity of Sorting and Related Problems},
  journal   = {Commun. {ACM}},
  volume    = {31},
  number    = {9},
  pages     = {1116--1127},
  year      = {1988},
  url       = {http://doi.acm.org/10.1145/48529.48535},
  doi       = {10.1145/48529.48535},
  timestamp = {Tue, 07 Jun 2011 16:51:56 +0200},
  biburl    = {http://dblp.uni-trier.de/rec/bib/journals/cacm/AggarwalV88},
  bibsource = {dblp computer science bibliography, http://dblp.org}
}

@article{williams:algorithm,
  author    = {J. Williams},
  title     = {Algorithm 232: Heapsort},
  journal   = {Communications of the {ACM}},
  volume    = 7,
  number    = 6,
  pages     = {347--348},
  year      = {1964}
}


@article{floyd:algorithm,
  author    = {R. W. Floyd},
  title     = {Algorithm 245: Treesort 3},
  journal   = {Communications of the {ACM}},
  volume    = 7,
  number    = 12,
  pages     = {701},
  year      = 1964
}

@book{eytzinger:thesaurus,
  author =       {Eytzinger, M.},
  title =        {Thesaurus principum hac aetate in Europa viventium
                  (Cologne)},
  year =         1590,
  note =         {In commentaries, `Eytzinger' may appear in variant
                  forms, including: Aitsingeri, Aitsingero,
                  Aitsingerum, Eyzingern},
}


@article{jones:empirical,
  author =      {D. W. Jones},
  title = {An Empirical Comparison of Priority-Queue and Event-Set Implementations},
  journal = {Communications of the ACM},
  volume = 29,
  number = 4,
  pages = {300--311},
  year = 1986,
}

@article{lamarca.ladner:influence,
  author = {A. LaMarca and R. E. Ladner},
  title = {The influence of caches on the performance of heaps},
  journal = {ACM Journal of Experimental Algorithms},
  volume = 1,
  year = 1996,
  note = {Article Number 4.}
}

@mastersthesis{prokop:cache-oblivious,
  author = {H. Prokop},
  title = {Cache-Oblivious Algorithms},
  school = {Massachusetts Institute of Technology},
  month = {June},
  year = {1999}
}

@Book{knuth:art,
  author =       {D. Knuth},
  title =        {Sorting and Searching},
  series =       {The Art of Computer Programming},
  volume =       3,
  edition =      {Second},
  year =         1997,
  publisher =    {Addison-Wesley}
}

@inproceedings{bayer.mccreight:organization,
  author    = {R. Bayer and E. M. McCreight},
  title     = {Organization and Maintenance of Large Ordered Indexes},
  booktitle = {SIGFIDET Workshop},
  year      = {1970},
  pages     = {107-141},
  crossref  = {sigmod70},
}
 
@proceedings{sigmod70,
  title     = {Record of the 1970 ACM SIGFIDET Workshop on Data Description
               and Access, November 15-16, 1970, Rice University, Houston,
               Texas, USA (Second Edition with an Appendix)},
  publisher = {ACM},
  year      = {1971},
  bibsource = {DBLP, http://dblp.uni-trier.de}
}

@misc{patterson:modern,
  title     = {Modern Microprocessors: A 90 Minute Guide!},
  author    = {J. R. C. Patterson},
  url       = {http://www.lighterra.com/papers/modernmicroprocessors/},
  year      = {2015},
  note      = {[Online; updated May 2015]}
} 

